@article{10.2307/2309606,
 ISSN = {00029890, 19300972},
 URL = {http://www.jstor.org/stable/2309606},
 author = {J. W. Lasley},
 journal = {The American Mathematical Monthly},
 number = {5},
 pages = {362--364},
 publisher = {Mathematical Association of America},
 title = {On Degenerate Conics},
 urldate = {2022-08-30},
 volume = {64},
 year = {1957}
}

@incollection {km_surf,
     AUTHOR = {Holzer, S. and Labs, O.},
      TITLE = {Illustrating the classification of real cubic surfaces},
  BOOKTITLE = {Algebraic geometry and geometric modeling},
     SERIES = {Math. Vis.},
      PAGES = {119--134},
  PUBLISHER = {Springer, Berlin},
       YEAR = {2006},
       note = {Also available at \url{https://www.oliverlabs.net/data/vis_real_cs.pdf}},
}


@book{lines,
URL = {https://blogs.ams.org/visualinsight/2016/02/15/27-lines-on-a-cubic-surface/},
publisher = {AMS Blogs},
author = {Baez, John},
title = {27 Lines on a Cubic Surface},
urldate = {2022-08-30},
year = {2016},
note = {Available at \url{https://blogs.ams.org/visualinsight/2016/02/15/27-lines-on-a-cubic-surface/}},
}

@book{isosurface,
URL = {https://blogs.mathworks.com/graphics/2015/07/22/implicit-surface-intersections/},
publisher = {MathWorks Blogs},
author = {Garrity, Mike},
title = {Implicit Surface Intersections},
urldate = {2022-08-30},
year = {2015},
note = {Available at \url{https://blogs.mathworks.com/graphics/2015/07/22/implicit-surface-intersections/}},
}